<record><leader>00000cas a22000007a 4500</leader><controlfield tag="001">2263822</controlfield><controlfield tag="008">760620d18091818nyuwr ne      0    0eng d</controlfield><datafield ind1=" " ind2=" " tag="010"><subfield code="a">sn 84031014 </subfield></datafield><datafield ind1=" " ind2=" " tag="040"><subfield code="a">PIT</subfield><subfield code="b">eng</subfield><subfield code="c">PIT</subfield><subfield code="d">NYG</subfield><subfield code="d">NPX</subfield><subfield code="d">NPA</subfield><subfield code="d">NPH</subfield><subfield code="d">NYS</subfield><subfield code="d">MGN</subfield><subfield code="d">NYS</subfield><subfield code="d">OCL</subfield><subfield code="d">OCLCG</subfield><subfield code="d">KRTAS</subfield><subfield code="d">OCLCQ</subfield><subfield code="d">OCLCA</subfield><subfield code="d">OCLCF</subfield><subfield code="d">OCLCO</subfield><subfield code="d">AQM</subfield></datafield><datafield ind1="1" ind2=" " tag="029"><subfield code="a">AU@</subfield><subfield code="b">000020121592</subfield></datafield><datafield ind1=" " ind2=" " tag="042"><subfield code="a">msc</subfield></datafield><datafield ind1=" " ind2=" " tag="043"><subfield code="a">n-us-ny</subfield></datafield><datafield ind1="0" ind2=" " tag="130"><subfield code="a">Manlius times (Manlius, N.Y. : 1809)</subfield></datafield><datafield ind1="1" ind2="0" tag="245"><subfield code="a">Manlius times.</subfield></datafield><datafield ind1=" " ind2=" " tag="260"><subfield code="a">Manlius Village, Onondaga County [N.Y.] :</subfield><subfield code="b">Leonard Kellogg</subfield></datafield><datafield ind1=" " ind2=" " tag="300"><subfield code="a">v. ;</subfield><subfield code="c">45-58 cm.</subfield></datafield><datafield ind1=" " ind2=" " tag="310"><subfield code="a">Weekly</subfield></datafield><datafield ind1="1" ind2=" " tag="362"><subfield code="a">Began in July 1809? Ceased in Oct. 1818?</subfield></datafield><datafield ind1=" " ind2=" " tag="500"><subfield code="a">Publishers: Leonard Kellogg, 1809-1814; Kellogg &amp; Beardslee, 1814-&lt;1815&gt;; Kellogg &amp; Clark, &lt;1816&gt;-1817; Daniel Clark, &lt;1818&gt;. Cf. Brigham, C.S. Amer. newspapers.</subfield></datafield><datafield ind1=" " ind2=" " tag="588"><subfield code="a">Description based on: Vol. 2, no. 61 (July 18, 1809).</subfield></datafield><datafield ind1=" " ind2="0" tag="651"><subfield code="a">Manlius (N.Y.)</subfield><subfield code="v">Newspapers.</subfield></datafield><datafield ind1=" " ind2="0" tag="651"><subfield code="a">Onondaga County (N.Y.)</subfield><subfield code="v">Newspapers.</subfield></datafield><datafield ind1=" " ind2="7" tag="651"><subfield code="a">New York (State)</subfield><subfield code="z">Manlius.</subfield><subfield code="2">fast</subfield><subfield code="0">(OCoLC)fst01229283</subfield></datafield><datafield ind1=" " ind2="7" tag="651"><subfield code="a">New York (State)</subfield><subfield code="z">Onondaga County.</subfield><subfield code="2">fast</subfield><subfield code="0">(OCoLC)fst01205371</subfield></datafield><datafield ind1=" " ind2="7" tag="655"><subfield code="a">Newspapers.</subfield><subfield code="2">fast</subfield><subfield code="0">(OCoLC)fst01423814</subfield></datafield><datafield ind1=" " ind2="7" tag="655"><subfield code="a">Newspapers.</subfield><subfield code="2">rbgenr</subfield></datafield><datafield ind1="1" ind2=" " tag="700"><subfield code="a">Kellogg, Leonard,</subfield><subfield code="d">1781-1817.</subfield></datafield><datafield ind1="1" ind2=" " tag="700"><subfield code="a">Beardslee, James,</subfield><subfield code="d">-1867.</subfield></datafield><datafield ind1="1" ind2=" " tag="700"><subfield code="a">Clark, Daniel.</subfield></datafield><datafield ind1=" " ind2=" " tag="752"><subfield code="a">United States</subfield><subfield code="b">New York</subfield><subfield code="c">Onondaga</subfield><subfield code="d">Manlius.</subfield></datafield><datafield ind1="0" ind2="0" tag="780"><subfield code="t">Herald of the times (Manlius, N.Y.)</subfield><subfield code="w">(DLC)sn 84031013</subfield><subfield code="w">(OCoLC)10973123</subfield></datafield><datafield ind1="0" ind2="0" tag="785"><subfield code="t">Onondaga herald</subfield><subfield code="w">(DLC)sn 91066019</subfield><subfield code="w">(OCoLC)23173812</subfield></datafield><datafield ind1=" " ind2=" " tag="938"><subfield code="a">Kirtas Technologies, Inc.</subfield><subfield code="b">KRTS</subfield><subfield code="n">735632</subfield></datafield></record>